@misc{
    whatisobservability:ibm,
    author = {IBM},
    title = {What is observability?},
    url = {https://www.ibm.com/think/topics/observability},
    year = {2024},
}

@misc{
    prometheus:prometheus,
    author = {Prometheus},
    title = {Prometheus - Overview},
    url = {https://prometheus.io/docs/introduction/overview/},
    year = {2024},
}

@misc{
    kotlinmultiplatform:jetbrains,
    author = {JetBrains},
    title = {Kotlin Multiplatform Overview},
    url = {https://kotlinlang.org/docs/multiplatform.html},
    year = {2024},
}

@misc{
    metrictypes:prometheus,
    author = {Prometheus},
    title = {Metric types},
    url = {https://prometheus.io/docs/concepts/metric_types/},
    year = {2024},
}

@misc{
    clientlibraries:prometheus,
    author = {Prometheus},
    title = {Client libraries},
    url = {https://prometheus.io/docs/instrumenting/clientlibs/},
    year = {2024},
}
