@misc{orkes_software_architecture_evolution,
    author = "Liv Wong",
    title = "Evolution of Software Architecture: From Mainframes and Monoliths to Distributed Computing",
    year = "2024",
    url = "https://orkes.io/blog/software-architecture-evolution/",
}

@online{wikipedia_monolithic,
    author = {{Wikipedia contributors}},
    title = {Monolithic application},
    year = {2024},
    url = {https://en.wikipedia.org/wiki/Monolithic_application},
}

@online{wikipedia_client_server_model,
    author = {{Wikipedia contributors}},
    title = {Client-server model},
    year = {2024},
    url = {https://en.wikipedia.org/wiki/Client%E2%80%93server_model},
}

@online{oracle_soa,
    author = {{Michael Chen}},
    title = {What is SOA (Service-Oriented Architecture)},
    year = {2024},
    url = {https://www.oracle.com/service-oriented-architecture-soa},
}

@online{port_soa,
    author = {{Port}},
    title = {Service-oriented architecture},
    year = {2024},
    url = {https://port.io/glossary/service-oriented-architecture},
}

@online{devtron_kubernetes,
    author = {{By Prakarsh}},
    title = {Why Use Kubernetes for Container Orchestration?},
    year = {2019},
    url = {https://devtron.ai/blog/why-use-kubernetes-for-container-orchestration/},
}

@online{dynatrace_observability,
    author = {{Jay Livens}},
    title = {What is observability? Not just logs, metrics and traces},
    year = {2025},
    url = {https://www.dynatrace.com/news/blog/what-is-observability-2/},
}